<?xml version="1.0" encoding="UTF-8" ?><marc:collection xmlns:marc="http://www.loc.gov/MARC21/slim" xmlns:xsi="http://www.w3.org/2001/XMLSchema-instance" xsi:schemaLocation="http://www.loc.gov/MARC21/slim http://www.loc.gov/standards/marcxml/schema/MARC21slim.xsd">
<marc:record><marc:leader>01656nam a2200313 a 4500</marc:leader>
<marc:controlfield tag="001">6329</marc:controlfield>
<marc:controlfield tag="003">aeadna</marc:controlfield><marc:controlfield tag="005">20100426133700.0</marc:controlfield><marc:controlfield tag="006">a      000 0      </marc:controlfield><marc:controlfield tag="008">220811s1944||||ye     f     n000 0|ara|d</marc:controlfield><marc:datafield tag="035" ind1=" " ind2=" "><marc:subfield code="a">(Sirsi) 6329</marc:subfield></marc:datafield><marc:datafield tag="040" ind1=" " ind2=" "><marc:subfield code="a">nal</marc:subfield><marc:subfield code="b">ara</marc:subfield><marc:subfield code="e">AACR2</marc:subfield></marc:datafield><marc:datafield tag="041" ind1="0" ind2=" "><marc:subfield code="a">arar</marc:subfield></marc:datafield><marc:datafield tag="043" ind1=" " ind2=" "><marc:subfield code="a">a-ye---</marc:subfield></marc:datafield><marc:datafield tag="050" ind1=" " ind2="4"><marc:subfield code="a">BP63.Y45</marc:subfield><marc:subfield code="b">.S26 1944</marc:subfield></marc:datafield><marc:datafield tag="066" ind1=" " ind2=" "><marc:subfield code="c">(3</marc:subfield></marc:datafield><marc:datafield tag="082" ind1="1" ind2="4"><marc:subfield code="a">920.0567</marc:subfield><marc:subfield code="b">21</marc:subfield></marc:datafield><marc:datafield tag="090" ind1=" " ind2=" "><marc:subfield code="a">920.0567</marc:subfield><marc:subfield code="b">ص ن ل ا</marc:subfield></marc:datafield><marc:datafield tag="100" ind1="1" ind2=" "><marc:subfield code="a">الصنعاني، محمد بن محمد بن يحيى زبارة الحسيني اليمني</marc:subfield></marc:datafield><marc:datafield tag="245" ind1="1" ind2="0"><marc:subfield code="a">لامية نبلاء اليمن الذين ماتوا بالقرن الرابع عشر الهجري:</marc:subfield><marc:subfield code="b"> الألفية الأولى من لامية النبلاء، اشتملت وذيلها على ذكر (353) ماتوا من سنة 1301 إلى نهاية سنة 1340 للهجرة /</marc:subfield><marc:subfield code="c">محمد بن محمد بن يحيى بن عبدالله بن أحمد بن إسمعيل بن الحسين بن أحمد زبارة الحسيني اليمني الصنعاني</marc:subfield></marc:datafield><marc:datafield tag="246" ind1="3" ind2="0"><marc:subfield code="a">الألفية الأولى من لامية النبلاء، اشتملت وذيلها على ذكر (353) ماتوا من سنة 1301 إلى نهاية سنة 1340 للهجرة</marc:subfield></marc:datafield><marc:datafield tag="260" ind1=" " ind2=" "><marc:subfield code="a">صنعاء :</marc:subfield><marc:subfield code="b">وزارة المعارف الجليلة المتوكلية ،</marc:subfield><marc:subfield code="c">1363هـ.[1944م].</marc:subfield></marc:datafield><marc:datafield tag="300" ind1=" " ind2=" "><marc:subfield code="a">84 ص.، 1-8 ؛</marc:subfield><marc:subfield code="c">21 سم.</marc:subfield></marc:datafield><marc:datafield tag="500" ind1=" " ind2=" "><marc:subfield code="a">صفحة 84: &quot;من مطبوعات مطبعة وزارة المعارف الجليلة&quot; طبعت هذه (بصنعاء) عن رأي الوزير سامي المقام ...(عبد الله) فخر الكمال نجل الامام...&quot;.</marc:subfield></marc:datafield><marc:datafield tag="500" ind1=" " ind2=" "><marc:subfield code="a">فهرس لامية النبلاء : أسماء من اشتملت عليهم الألفية الأولى  من لامية نبلاء اليمن: ص1-8. آخر الكتاب.</marc:subfield></marc:datafield><marc:datafield tag="500" ind1=" " ind2=" "><marc:subfield code="a">حالة الكتاب المادية متوسطة. طبع على ورق مسطر.</marc:subfield></marc:datafield><marc:datafield tag="650" ind1=" " ind2="4"><marc:subfield code="a">العلماء اليمنيون</marc:subfield><marc:subfield code="v">تراجم.</marc:subfield></marc:datafield><marc:datafield tag="651" ind1=" " ind2="4"><marc:subfield code="a">اليمن</marc:subfield><marc:subfield code="v">تراجم.</marc:subfield></marc:datafield><marc:datafield tag="949" ind1=" " ind2=" "><marc:subfield code="a">920.0567 ص ل ف ا</marc:subfield><marc:subfield code="w">DDC</marc:subfield><marc:subfield code="i">30018000012675</marc:subfield><marc:subfield code="u">08/02/2003</marc:subfield><marc:subfield code="d">04/26/2010</marc:subfield><marc:subfield code="n">0</marc:subfield><marc:subfield code="t">Book</marc:subfield><marc:subfield code="l">av</marc:subfield><marc:subfield code="m">MAIN</marc:subfield><marc:subfield code="x">RAR</marc:subfield></marc:datafield></marc:record>
</marc:collection>
